2040 3810
189 141 871 235 Cn'rn.B.Jonnrt1anr.lI.86
928 139 937 145 “

108 232 334 315 propitiationis
349 233 514 316 participes
530 228 627 307 fiant,
645 232 718 315 quia
734 245 837 296 tamen
855 167 894 298 ai

111 329 149 376 ea
174 315 344 392 excidunt,
365 333 401 378 ac
415 311 546 399 proinde
570 322 754 397 temporales
771 314 840 379 sunt
863 316 896 380 fi-

110 413 247 481 nemque
265 417 327 463 non
345 398 515 482 attingunt:
528 395 639 463 mento
655 409 838 482 repntantur
851 397 895 463 in·
932 454 935 460 ⁴

110 491 161 544 ter
174 480 290 545 alienos
303 480 337 545 &
348 481 571 566 propitiationis
583 477 720 546 exsortes
730 495 741 553 ς
752 497 791 546 ex
804 479 896 567 Estio.

144 565 187 652 a.
200 587 232 658 3.
245 567 295 639 Et
309 571 346 642 in
361 571 421 641 hoc
423 565 552 663 scimus
561 570 726 662 quoniam
738 571 894 665 cognovi·

114 685 191 735 mats
209 685 307 748 eum,
321 660 355 756 fi
365 664 538 737 mandata
553 664 627 755 ejus
645 660 871 757 observemus.

153 755 189 820 ld
201 753 263 833 est,
279 755 311 821 in
322 758 374 821 hoc
385 755 462 821 scire
473 753 730 841 pollumus‚s1cut
741 755 831 822 causa
841 776 898 842 pet

114 838 258 905 effecium
271 836 476 923 cognoscitur,
482 838 619 925 quoniam
631 838 821 926 cogtnovimus
830 848 898 908 eum

115 923 298 988 advocatum
317 922 499 999 Christum,
514 921 690 1019 cognitione
712 920 829 989 scilicet
847 943 898 1009 ap·

115 1003 304 1089 probationis
322 1005 383 1070 srve
395 1007 608 1089 emeritana,
621 1023 684 1070 non
701 1007 820 1072 tantlim
831 1007 897 1074 stm-

115 1088 207 1171 plicis
223 1086 439 1170 speculationis
453 1085 557 1154 :unde
576 1084 698 1166 Glolla,
713 1088 777 1154 hoc
792 1088 836 1152 est
848 1109 898 1183 ag-

115 1169 244 1237 noscere
261 1170 366 1236 Deum
384 1171 472 1254 quod
490 1187 602 1234 amare.
623 1169 656 1235 Si
679 1171 901 1250 mandataque
995 1214 1000 1219 -

114 1245 325 1336 observemus,
344 1249 475 1318 niaxime
499 1253 551 1316 illa
574 1252 639 1318 duo
657 1253 689 1318 in
713 1253 828 1336 quibus
848 1256 900 1320 lex

114 1337 233 1420 pendet
252 1334 285 1400 &
302 1335 483 1418 prophetae:
505 1334 617 1402 Matth.
636 1351 690 1399 aa,

165 1421 205 1509 ri.
231 1442 266 1511 4.
290 1419 502 1520 Quidicitse
522 1417 608 1517 noffe
625 1418 784 1508 cuttu&
799 1445 900 1496 man-

117 1521 210 1590 data
230 1516 304 1608 ejus
323 1541 390 1590 non
407 1516 572 1612 custodit,
601 1519 754 1593 mendax
767 1518 834 1614 est,
851 1516 898 1600 ἐφ’

118 1617 158 1686 in
180 1613 241 1684 hoc
262 1618 397 1686 veritas
414 1637 479 1685 non
497 1612 556 1710 est.
658 1660 660 1664 >

158 1705 194 1770 id
206 1707 267 1781 est,
276 1702 386 1772 salsum
399 1706 490 1783 dicit,
503 1708 666 1774 veritatem
677 1726 741 1776 non
752 1708 902 1794 loquitur.

165 1803 205 1892 s·
231 1819 266 1894 5.
291 1803 365 1901 Qui
377 1822 496 1876 autem
506 1801 633 1898 fervat
642 1809 786 1880 verbum
804 1810 902 1899 ejus,

121 1903 203 1973 veri
233 1902 271 1972 in
301 1902 361 1971 hoc
386 1898 548 1971 charitas
566 1901 639 1972 Dei
654 1899 814 1994 perficite
835 1900 903 1997 est:

122 1992 168 2075 ἔφ’
182 1996 290 2068 inhoc
299 1992 426 2090 scimus
448 1996 613 2089 quoniam
633 1997 671 2068 in
689 1993 757 2091 ipso
766 1994 901 2100 fiemus.
1012 2002 1013 2006 ’

159 2082 303 2169 Potitia,
315 2084 416 2165 idest,
430 2082 637 2154 consummata
646 2087 903 2174 esscharttas‚qua

121 2189 180 2240 nos
191 2173 296 2238 Deum
314 2169 480 2255 diligimus.
494 2168 597 2252 Quam
608 2185 712 2238 autem
724 2173 905 2241 charitatem

120 2254 187 2321 Dei
203 2251 441 2320 consummatam
453 2254 560 2330 dicat,
576 2255 672 2321 intelli
696 2256 776 2321 imus
787 2274 826 2322 ex
838 2275 866 2323 c.
877 2273 909 2337 4.

108 2338 158 2419 lt.
174 2356 225 2403 12.
249 2339 278 2401 A
319 2335 436 2404 oscitur
457 2348 561 2403 autem
582 2339 657 2420 huju
673 2339 757 2404 modi
775 2339 905 2406 charitas

121 2418 191 2485 veri
211 2422 243 2485 in
262 2423 367 2504 aiquo
390 2418 475 2497 esse,
492 2421 516 2482 li
533 2419 564 2485 se
582 2423 727 2486 extendat
749 2424 789 2489 ad
807 2422 909 2507 proxi-

123 2523 216 2580 mos,
235 2520 294 2567 nec
313 2501 428 2569 amicos
439 2501 641 2579 natumsed
653 2500 745 2565 etiam
757 2503 908 2570 inimicos.

125 2589 278 2651 Manae.
291 2599 324 2668 5.
342 2585 376 2662 ll·
390 2602 443 2667 44.

156 2674 197 2762 tt.
209 2669 244 2744 6.
259 2671 333 2770 Qui
345 2673 432 2746 dicit
435 2667 474 2768 se
486 2673 569 2769 ἰηὶρ
585 2697 601 2743 0
614 2672 761 2744 manere
772 2671 907 2758 ‚dabam

120 2768 213 2864 ficut
230 2769 291 2842 ille
304 2769 529 2855 stabulavit,
619 2767 690 2874 ipse
706 2765 904 2867 ambulare.

114 2890 117 2897 ·
167 2860 328 2948 Repetitio
336 2859 380 2926 est
391 2857 529 2930 e'usdem
540 2861 704 2928 dostnnae:
709 2862 910 2941 Joanmenim

114 2948 239 3013 ¹eadem
256 2943 350 3021 sunt,
369 2962 386 3008 e
411 2944 474 3010 ein
492 2945 565 3011 Deo
584 2944 617 3010 δι
634 2960 759 3009 manere
777 2943 809 3007 in
820 2945 910 3022 Dea,

112 3031 160 3096 id
178 3031 240 3107 est,
261 3028 408 3095 charitate
427 3029 622 3110 conjunctum
640 3025 700 3091 esse
712 3028 792 3093 Deo.
811 3028 910 3094 Simul

127 3116 277 3190 declarat,
287 3101 490 3196 eumsereata
500 3112 625 3176 verbum
630 3108 764 3196 ejus‚qul
777 3108 809 3172 in
820 3113 911 3178 actio·

128 3200 223 3280 nibus
235 3195 298 3262 suis
308 3193 424 3267 Christi
442 3192 485 3258 est
498 3195 651 3260 imitator:
670 3196 758 3276 quod
769 3191 911 3257 Christus

131 3277 597 3365 Jaan.15.)l.10.commendat.
614 3271 720 3358 lnquo
732 3284 833 3340 autem
843 3273 911 3333 hac
