2040 3810
16 132 22 141 '
111 146 181 228 664
243 139 573 227 Commnurnniii
592 153 637 207 m
657 139 789 211 Errsr.
813 185 818 193 ·

109 231 236 381 limi?
252 229 355 378 “sm
370 226 648 390 pgppippoe
661 224 908 380 {dissid

188 333 204 379 a
295 332 346 378 em
555 333 574 374 u
589 332 626 376 us
805 331 825 376 a
869 333 877 374 i

114 391 194 464 Sunt
216 332 273 482 quc}
294 397 333 463 ad
356 396 462 462 Deum
487 390 650 460 referunt:
670 392 720 457 alii
739 396 905 476 particula·

114 478 191 546 riter
208 481 246 546 ad
265 477 448 553 Christum
465 477 613 562 tamquia
628 472 772 542 Christus
785 477 817 543 in
836 498 907 563 par«

114 575 146 630 te
176 560 316 647 proxime
344 563 541 645 praecedente
575 558 835 644 intelligebatur,
868 562 903 626 dt

115 659 281 712 contextus
299 664 361 711 non
377 645 502 710 videtur
521 644 682 710 admittere
700 656 736 706 ut
754 643 903 711 idalium

114 727 287 794 referatur:
310 732 353 793 ita
369 725 474 792 Graeci
495 729 529 793 di
547 727 598 792 alii
614 726 775 823 plerique:
797 724 905 793 secun·

115 811 191 877 diim
217 829 298 895 quos
325 806 429 877 sensus
453 809 498 875 est
518 808 701 875 :Christum
725 811 903 891 inlaesus,

113 909 208 1043 guam
220 895 334 980 Angeli
346 894 513 960 ministerio
526 894 681 959 excitabat
692 903 762 956 tium
774 896 902 974 quando

137 994 185 1042 ata
203 977 248 1042 est
266 979 337 1052 lex,
355 993 470 1043 terram
487 974 614 1042 movisse
628 994 637 1039 :
653 974 738 1040 unde
756 993 796 1058 ap
818 992 902 1055 aret,

112 1058 270 1147 Angelum
288 1060 377 1126 illum
389 1058 503 1126 Christi
521 1057 683 1144 personam
702 996 903 1142 representas-

113 1137 165 1222 se,
181 1147 216 1210 iit
229 1143 302 1211 alibi
315 1143 431 1212 dietum
445 1143 506 1220 est,
519 1146 553 1208 de
564 1141 712 1208 fundatur
726 1141 757 1206 iii
772 1143 904 1227 Aposto-

112 1226 178 1293 lum
195 1232 298 1295 1.Cor.
316 1248 364 1295 10.
377 1228 410 1310 ll.
421 1247 454 1312 9.
466 1229 554 1292 Nunc
576 1235 675 1290 antem
699 1227 899 1307 repromittit,

114 1308 429 1398 praeeminentium
440 1309 558 1377 scilicet
596 1327 629 1373 er
641 1307 829 1391 Prophetam
840 1309 904 1396 Ag·

113 1410 215 1480 gaeum
240 1395 396 1462 dicentem
414 1410 478 1480 cap.
496 1412 525 1458 2.
601 1394 657 1457 buc
669 1389 773 1537 peine!
787 1391 825 1458 s?
850 1412 905 1477 egr

68 1519 73 1530 ·
110 1479 234 1544 movebo
253 1476 315 1542 &u
346 1479 470 1560 Quibus
500 1475 604 1541 uerbis
636 1475 667 1539 iii
681 1489 765 1540 muat
795 1468 903 1559 Aposb

114 1559 192 1622 duas
221 1557 353 1644 insignes
375 1573 467 1624 terrae
496 1554 707 1621 concussiones
731 1573 746 1628 3
772 1559 903 1640 primam

114 1640 177 1720 quii
192 1649 275 1702 terra
292 1654 447 1703 commota
464 1637 507 1701 est
525 1637 557 1700 iii
576 1635 670 1721 chis
693 1640 808 1703 veteris
835 1659 905 1725 pio

113 1719 303 1804 mulgatio'iie
321 1735 332 1793 3
351 1718 478 1783 alteram
498 1716 560 1801 qui
579 1717 670 1784 etiam
689 1721 804 1783 coeluin
819 1741 905 1790 com·

112 1803 304 1868 movendum
316 1800 369 1866 est.
387 1799 523 1887 Quaestio
535 1801 594 1879 eil,
615 1803 811 1885 quandonam
831 1803 906 1872 haec

112 1881 226 1965 fuerit,
247 1888 300 1952 uel
312 1885 417 1953 sutura
429 1883 473 1951 sit.
493 1899 533 1965 m.
550 1880 654 1950 Verus
672 1883 814 1968 Apostoli
838 1884 914 1953 sen·

113 1966 165 2037 sus
174 1967 401 2049 videtunhanc
414 1967 558 2035 ultimam
569 1968 705 2034 suturam
720 1968 751 2031 in
765 1968 903 2036 adventu

114 2053 235 2120 Christi
257 2057 296 2120 ad
327 2052 487 2138 judicium.
516 2049 597 2118 Haec
620 2050 790 2118 commotio
816 2071 903 2135 aper.-

116 2137 180 2224 tilis
205 2140 380 2223 explicatur
406 2156 435 2202 2.
459 2138 543 2202 Petri
567 2153 593 2200 e
613 2151 642 2217 3.
666 2131 794 2199 Sensum
816 2135 902 2203 hunc

116 2218 300 2293 confirmat;
319 2218 406 2312 quiid
428 2219 458 2281 A
502 2219 596 2284 stolus
615 2220 745 2283 libenter
756 2216 840 2282 illius
853 2215 903 2286 ad·

114 2302 226 2366 ventiis
245 2314 436 2365 mentionem
505 2301 597 2366 braeis
619 2299 762 2385 ingerat,
779 2316 848 2366 tum
866 2317 906 2370 ut‘

114 2381 168 2466 spe
180 2381 388 2448 retributionis
400 2382 577 2466 patientiam
591 2377 754 2448 seruentin
768 2384 903 2450 adversis

114 2464 152 2531 ut
163 2465 239 2532 fecit
256 2484 287 2530 c.
301 2464 396 2544 rotph
411 2483 461 2549 37.
473 2482 484 2542 3
496 2464 570 2532 ‘tuni
588 2480 624 2530 ut
637 2467 655 2533 l
667 2464 843 2544 desectione
854 2487 900 2533 ro

114 2549 276 2631 trahantur
298 2564 385 2614 metu
396 2548 495 2615 futuri
514 2548 642 2633 judicii:
662 2550 704 2614 ita
722 2542 826 2644 hstias
836 2553 902 2637 pojt

116 2633 245 2719 cyrill,
267 2624 376 2718 Chiyfi
391 2633 427 2696 dt
440 2651 548 2698 onmes
568 2629 713 2708 Graecos,
741 2646 816 2698 item
832 2634 901 2717 post

96 2729 99 2732 ’
115 2721 168 2782 An
182 2722 251 2783 elm.
263 2717 297 2782 ἃ
310 2719 338 2778 S.
349 2717 490 2782 Thomam
504 2714 540 2779 dt
550 2713 636 2778 alios.
648 2713 824 2782 Difficultas
839 2715 902 2798 est',

115 2816 160 2884 qu
183 2803 205 2866 d
221 2800 375 2885 Propheta
394 2798 434 2863 de
453 2797 554 2881 primo
572 2797 685 2862 Christi
703 2799 838 2888 aduentu
858 2803 902 2868 lo

118 2897 241 2964 quatur.
260 2884 323 2950 Sed
341 2900 379 2965 ip.
397 2879 489 2945 Nihil
499 2895 621 2956 vetare,
640 2881 805 2964 quominds
818 2883 901 2949 testi·

117 2965 256 3030 monium
269 2965 491 3049 Propheticum
505 2981 562 3048 per
578 2967 899 3034 accommodationem

116 3047 157 3110 ab
175 3047 326 3131 Apostolo
342 3048 493 3112 referatur
512 3049 596 3112 adid
609 3050 725 3132 dequo
742 3047 899 3130 Propheta

115 3128 242 3213 proprie
259 3149 321 3196 non
342 3129 385 3192 est
402 3132 551 3195 locutus:
573 3132 614 3194 iia
633 3134 775 3214 Gagneos
790 3133 899 3198 dicens

13 3290 21 3297 μ
115 3212 299 3295 Apostolum
324 3229 387 3276 non
405 3212 507 3296 inepte
532 3214 570 3278 ad
594 3210 763 3278 secundum
781 3211 899 3282 Christi

47 3318 49 3325 ‘
116 3298 283 3367 aduentum
298 3294 565 3387 applicare,quod
577 3296 732 3393 Propheta
743 3298 784 3364 de
795 3301 900 3384 primo

116 3381 263 3454 dixerat:
283 3397 327 3451 eir
345 3378 443 3472 istil,
463 3396 560 3468 quem
570 3379 707 3450 cortule.
808 3400 814 3409 ·
842 3385 848 3395 ’
