2040 3810
157 117 310 182 Cura.
336 116 372 182 a
399 115 553 181 Perat
577 113 687 181 Cra.
713 116 738 181 1.
781 120 848 205 819

61 200 95 263 Si
113 201 184 264 haec
196 214 383 278 enumerata,
393 197 510 266 scilicet
523 203 639 277 virtus,
651 199 788 276 scientia,
800 204 852 266 ab·

61 279 504 365 stinentiathc.,uobisadstnt
516 301 709 367 nequaquam
725 282 851 358 orions,

61 364 270 431 infructuosos
293 380 346 430 aut
362 364 487 430 inutiles
509 383 568 431 vos
591 362 777 430 constituent
796 379 850 431 aut

59 446 199 512 efficient
210 448 242 511 in
248 445 310 512 fide
316 446 441 513 Christi.
456 450 503 511 Ac
518 447 540 510 si
553 449 651 521 dicat,
664 447 775 511 harum
787 446 862 535 vir,

59 542 165 594 tutum
179 531 328 595 exercitio
339 528 453 606 fiet‚ut
465 528 544 597 fides
554 529 653 594 vestra
665 545 771 594 coram
779 529 850 594 Deo

60 631 124 678 non
144 613 181 677 fit
205 613 302 678 inanis
329 612 362 676 &
380 626 511 676 mortua
540 611 745 705 Cognitionem
762 613 850 695 ponit

58 714 118 780 pro
136 694 210 762 fide.
241 693 328 762 Nota
352 708 461 760 contra
484 692 649 766 sestarios,
665 693 761 761 fidem
785 692 848 760 fine

59 778 206 862 operibus
220 777 280 844 eise
300 775 401 862 posse,
422 775 476 842 sed
493 797 555 842 non
573 777 724 861 prodesse

106 880 147 970 qd.
170 899 207 970 9.
232 880 300 952 Cui
314 884 406 954 enim
426 904 493 952 non
504 878 630 974 praestd
639 879 727 975 sunt
746 881 843 969 hae,

62 1000 171 1048 caecur
189 975 255 1070 est,
272 975 317 1057 ἐξ
332 999 441 1050 manu
458 993 623 1061 tentans,
642 977 846 1050 oblivionem

58 1074 235 1166 accipiens
260 1072 489 1170 purgationis
520 1090 677 1145 veterum
699 1069 846 1168 suorum

58 1169 272 1242 deliciorum.

98 1263 136 1332 ld
146 1268 203 1347 est,
213 1267 270 1332 Cui
280 1267 341 1332 hac
351 1285 413 1333 non
427 1266 552 1344 adsunt,
563 1265 589 1333 is
597 1282 743 1351 tanquam
754 1285 846 1336 caectu

57 1349 90 1414 in
108 1351 243 1416 tenebris
256 1363 336 1414 errat
349 1367 442 1413 manu
459 1352 586 1443 palpans
603 1369 639 1416 ac
662 1352 744 1415 viam
763 1371 846 1435 quae·

57 1449 129 1496 rens
142 1449 150 1494 :
162 1430 258 1497 nestit
264 1431 347 1496 enim
359 1430 424 1515 qud
432 1434 585 1497 iteriuum
598 1434 727 1519 dirigant
738 1434 846 1508 nescit,

57 1513 207 1597 inquam,
225 1513 357 1600 pradice
373 1515 445 1597 quia
462 1514 557 1579 fidem
580 1513 664 1582 suam
687 1519 844 1599 operando

58 1613 122 1663 non
134 1610 271 1662 exercet.
291 1595 377 1663 Dicit
397 1609 500 1662 autem
516 1595 639 1664 oblitum
650 1598 843 1684 purgationis
947 1668 958 1688 .

51 1693 257 1764 peccatorum,
268 1678 339 1762 quia
353 1678 425 1751 cum
444 1682 483 1746 ad
503 1681 565 1745 hoc
583 1680 604 1756 ὲ,
617 1685 752 1765 peccatis
768 1701 842 1778 pur·

56 1778 166 1909 {entur
185 1762 217 1826 in
237 1759 402 1845 baptisiiio,
420 1777 456 1827 ut
474 1763 620 1847 deinceps
638 1766 669 1829 in
686 1764 841 1831 funditate

103 1844 217 1927 justitia
229 1848 389 1918 vivamus3
409 1846 471 1909 hoc
491 1849 621 1929 quinon
638 1847 781 1929 praestat‚
799 1847 842 1911 in·
861 1905 864 1910 .

57 1925 251 2013 gratitudinis
264 1929 402 2013 arguitur
414 1942 560 2020 tanquam
572 1928 685 1992 oblitus
696 1925 841 1992 beneficii

56 2009 191 2094 prioris:
209 2010 348 2096 arguitur
365 2007 456 2072 etiam
475 2007 651 2094 ignorantiae
669 2008 754 2091 quafi
765 2009 847 2074 obli·

57 2104 109 2156 tus
120 2091 268 2176 quondm
279 2092 379 2158 fadus
391 2090 426 2155 sit
443 2089 654 2156 Christianus:
673 2108 712 2156 ex
730 2085 825 2174 Estio.

104 2207 146 2295 ti.
167 2229 222 2300 ιο.
236 2207 463 2306 Quapropter
467 2203 609 2299 fratres
618 2208 732 2302 magis
733 2202 839 2300 sata·

55 2302 132 2400 gite
154 2322 195 2374 ut
210 2305 388 2398 perbona
407 2317 513 2395 opera
533 2320 666 2375 certam
686 2301 839 2397 vestram
862 2322 876 2351 ·

56 2397 352 2487 vocationem&
362 2399 556 2471 eledionem
570 2397 744 2490 faciatis:
764 2398 837 2471 baec

54 2495 151 2566 enim
162 2492 350 2588 facientes,
364 2517 429 2565 non
431 2495 622 2586 peccabitis
633 2495 837 2584 aliquando.

96 2595 197 2664 Illatio
208 2596 252 2663 est
264 2595 493 2668 exhortatoria,
516 2595 579 2680 qui
596 2595 749 2660 indicatur
760 2613 841 2661 nova

59 2680 157 2755 ratio,
172 2699 229 2745 cur
241 2679 420 2745 incumbere
436 2678 570 2743 debeant
580 2677 671 2742 bonis
681 2677 842 2766 operibus,

56 2761 177 2847 sumpta
194 2762 211 2829 d
229 2761 416 2828 certitudine
433 2759 605 2826 vocationis
622 2759 656 2825 dt
674 2757 842 2824 cleerionis.

54 2845 169 2914 Urnon
176 2843 308 2922 causam,
314 2845 367 2910 sed
379 2843 455 2926 quid
469 2842 665 2928 satagendum
679 2841 728 2917 iit,
741 2841 842 2906 deter'·

55 2929 175 2996 minat:
194 2942 230 2992 ut
247 2925 350 2993 sensus
367 2925 427 3000 fit;
458 2925 565 3009 ltaque
581 2925 690 2991 fratres
711 2922 842 3075 ³¹¹¹?stss

54 3028 186 3095 operam
203 3013 298 3085 date,
315 3022 350 3076 ut
366 3009 560 3075 vocationem
572 3007 700 3074 vestram
713 3027 754 3093 qu
785 3029 842 3093 per

95 3095 188 3158 atiani
205 3094 269 3160 Dei
286 3094 474 3174 intempore
491 3091 594 3159 vocati
618 3092 711 3169 estis,
729 3091 762 3157 ἃ
781 3095 843 3158 cle·
957 3138 961 3142 -

57 3111 194 3242 {dionem
212 3177 275 3261 qud
294 3175 332 3241 ab
349 3187 464 3240 aetenio
482 3174 573 3240 eleni
636 3172 843 3259 praedestinati

60 3258 134 3324 estis
144 3260 184 3325 ad
195 3259 402 3328 hereditatem
413 3260 502 3403 regffi
511 3256 657 3402 afficitis,
667 3271 782 3320 certam
794 3254 844 3318 fir·
