2040 3810
135 127 728 217 Ci'rn.B.]n'coa1Cna.V.
773 130 839 220 743

76 221 146 276 tcrae
163 220 325 285 unitionis.
353 218 457 284 Oratio
472 213 551 300 ‚fidei
573 219 690 284 dicitur
708 221 806 285 orzrtio
826 225 845 288 a

76 293 116 358 de
164 303 296 379 miella,
313 301 438 385 fideque
456 300 603 375 subnixa3
623 302 645 366 fi
668 322 732 367 non
753 300 847 385 ipliua

76 319 200 458 rinilfri,
212 386 318 451 saltem
336 384 483 451 Ecclesiae
507 386 594 469 cujus
613 384 667 450 ille
683 383 847 469 personam

76 477 83 522 ι
96 467 338 534 administrando
350 467 541 535 sacramento
548 468 696 546 sustinet,
709 468 743 532 ἃ
756 473 848 553 cujus
882 491 893 500 ·

76 546 132 613 des
151 570 319 637 numquam
332 549 448 617 deficit.
470 549 576 617 Verbo
583 547 719 637 salvabit
736 551 849 635 sanitas

76 635 196 716 orporis
218 634 402 720 lignificatur
425 639 511 721 juxta
540 653 648 701 omnes
672 632 738 701 fere
754 636 849 704 inter·

76 730 168 781 retes.
206 718 289 784 Cum
313 718 398 784 enim
422 722 464 787 de
487 720 642 803 corporali
669 718 848 787 infirmitate

76 815 203 885 ›quatur
220 804 352 886 Apoll,
379 805 616 869 coalentaneum
635 801 680 866 est
708 821 780 870 eum
805 806 847 872 de

76 881 194 963 lusdem
214 886 336 972 generis
354 885 450 953 salute
468 884 626 1035 intelliqi:
652 904 715 952 non
740 888 849 953 exclu-

76 967 162 1034 endo
174 982 276 1035 tamen
289 970 479 1036 intellectum
488 972 528 1034 de
541 967 570 1034 sa
585 984 638 1033 ute
651 968 705 1034 seu
718 967 845 1037 sanatio·

76 1067 96 1116 e
108 1052 234 1128 animae,
247 1053 380 1118 maxime
392 1054 465 1137 quia
478 1054 559 1119 salus
570 1056 709 1137 corporis
721 1055 760 1119 ad
772 1052 850 1120 salu·

76 1150 119 1201 am
131 1135 241 1201 animae
252 1138 304 1201 hle
315 1136 477 1204 referenda
489 1140 543 1201 etl.
562 1138 670 1286 Atque
681 1136 744 1202 hoc
757 1136 848 1204 sensu

76 1223 166 1283 latres
195 1220 361 1286 Florentim'
385 1221 572 1286 definierunt
590 1238 609 1284 e
630 1220 737 1286 ‘cotum
754 1223 850 1304 hujus

76 1300 242 1369 aeramenti
254 1303 313 1369 effe
326 1305 438 1369 mentis
449 1299 654 1379 sanationem,
666 1302 700 1367 &
710 1303 745 1391 ia
757 1323 851 1390 quaa·

76 1386 258 1463 amaxaeaa
270 1387 363 1452 etiam
376 1387 526 1470 corporis.
554 1385 607 1450 Sic
630 1385 723 1451 etiam
744 1393 851 1455 Patras

76 1468 851 1563 'ridentiniloquunturzquiaiuaitAagAEnaho6,

76 1555 148 1650 quod
159 1551 343 1620 salutaribus
355 1555 456 1641 agitur
468 1551 687 1631 Satrantenns,
699 1553 795 1642 magis
809 1555 850 1621 ad

76 1654 146 1723 pem
162 1635 342 1703 futurorum
360 1639 513 1704 bonomm
538 1638 632 1720 quam
656 1638 696 1704 ad
713 1639 851 1723 adeptio·

76 1738 133 1789 tem
168 1718 342 1794 raesentium
354 1722 497 1806 pertinet.
517 1718 630 1788 Notari
642 1722 733 1788 etiam
751 1741 851 1789 mere·

76 1822 114 1871 ur
145 1807 190 1872 ub
208 1803 362 1870 sanatione
374 1806 537 1888 corporis,
555 1805 725 1889 quamlibet
753 1807 849 1873 etiam

76 1888 218 1956 nodicam
241 1889 343 1954 morbi
367 1890 601 1955 relevationem
618 1890 853 1972 'comprehendi

76 1972 109 2039 Et
124 1972 282 2039 alleviabit
300 1991 366 2037 eam
391 1971 561 2048 Dominus,
579 1971 690 2053 nempe
707 1969 852 2038 Christus

76 2056 152 2140 ujus
170 2058 304 2124 nomine·
326 2056 439 2122 unitus
463 2056 517 2121 en.
551 2051 718 2120 Alleaiabit
748 2068 853 2122 autem

76 2138 224 2207 lber-ando
252 2139 407 2206 infirmum
438 2139 456 2204 l
485 2153 633 2222 torpore,
657 2154 790 2204 moerore
818 2139 854 2205 &

76 2223 243 2301 noxietate,
266 2223 380 2307 quibus
407 2223 592 2307 plerumque
621 2237 723 2288 morte
750 2223 855 2290 vicini

76 2309 175 2405 egroti
191 2316 380 2395 gravantur,
399 2310 442 2373 ita
459 2323 494 2374 ut
518 2304 644 2372 difficile
655 2320 792 2373 mentem
813 2308 854 2377 ati

76 2390 173 2458 livino
192 2403 308 2476 queant
331 2393 480 2456 attollere.
508 2391 614 2474 Atque
637 2389 692 2455 illa
709 2392 855 2461 liberatio
962 2455 965 2459 .

76 2474 144 2540 liter
156 2474 284 2541 effeetus
297 2477 348 2539 est.
366 2470 448 2556 Etfi
453 2475 485 2539 in
497 2468 688 2558 pecatisfit,
701 2476 855 2540 remitten-

76 2572 120 2623 tar
138 2559 177 2625 α’.
195 2558 267 2643 Qui
283 2572 371 2642 parte
388 2557 498 2623 tertius
517 2554 645 2621 ellestus
663 2557 856 2648 exprimitur,

76 2640 215 2706 ridelicet
227 2656 426 2727 peccatorum
438 2638 586 2715 remissio,
598 2655 668 2721 quae
681 2637 856 2706 diversimo-

76 2720 110 2791 le
121 2730 296 2809 exponitur.
315 2725 452 2808 Quidam
470 2722 645 2819 intelligunt
663 2719 703 2785 de
714 2719 860 2788 remiffio'-

76 2825 107 2873 re
117 2825 319 2893 peccatorum
330 2809 518 2875 venialium:
540 2807 592 2871 aln
602 2819 713 2890 putant
730 2820 859 2888 peccata

76 2890 122 2957 nic
141 2893 272 2979 intelligi
295 2909 406 2976 pravas
430 2890 643 2957 inclinationes
665 2889 860 2973 expectatis

76 2974 212 3053 relictas,
231 2981 309 3060 quas
330 2992 477 3058 tanquam
492 2990 691 3059 peccatorum
709 2975 857 3060 reliquias

76 3059 200 3144 tbllergi
219 3061 398 3126 dicuntlric
410 3058 674 3133 lacraunttione3
691 3059 787 3143 idque
804 3061 862 3147 lig·

76 3142 188 3207 nificari
201 3143 349 3209 hocloco
367 3160 424 3228 pet
437 3141 637 3210 remillronem
649 3159 863 3226 peccatorum.

76 3226 136 3290 ulii
153 3228 196 3291 de
213 3228 349 3311 peccatis
360 3228 541 3292 mortalibus
557 3226 741 3319 Apostolum
766 3244 861 3320 expo·

76 3325 177 3388 nunt,
195 3328 266 3394 quae
287 3328 344 3396 per
364 3312 551 3380 oblivionem
577 3323 630 3376 aut
659 3322 863 3394 ignorantiam

107 3394 196 3463 iota.
213 3395 263 3462 11.
522 3391 557 3459 li
