2040 3810
137 131 284 198 Clau.
309 128 657 215 numicio.
683 131 728 198 ll.
773 133 839 218 769

52 215 146 280 velut
164 218 267 297 lapide
289 217 508 281 sundarttcntali
528 217 583 300 qui
608 217 732 282 s'ustinet
751 231 846 285 totam

54 296 225 379 spiritualis
237 297 357 363 aedilicii
368 300 491 365 molent.
502 297 605 363 Vocat
619 299 736 384 lapides
748 301 848 385 nicos,

54 395 95 443 ut
108 381 236 445 inlinuct
255 399 309 446 eos
326 401 389 446 non
406 381 448 446 ita
465 381 612 449 collocari
626 380 786 467 quomodo
805 382 849 447 la·

54 463 148 544 pides
182 462 390 541 insensibiles,
410 467 466 548 qui
492 462 605 549 seipsos
630 482 759 532 movere
783 483 848 532 non

52 544 181 691 {orsum
194 564 204 617 ς
217 544 268 610 scd
282 547 315 610 itt
332 548 425 612 uitam
438 551 469 612 in
483 546 514 612 se
526 550 691 623 habentes,
710 547 762 632 ipst
778 545 845 615 sese

80 630 152 693 onis
173 628 342 699 actionibus
366 649 402 695 ac
419 631 548 702 studiis„
565 633 728 713 adjttvante
746 631 845 712 De0,

54 726 282 794 promoveant:
299 715 385 795 quod
402 713 435 776 dc
452 712 649 799 significatum
667 712 710 778 est
727 714 843 792 verbu,

56 794 235 858 accedentes.
243 788 614 880 Domut·spiritaalis„pro
643 816 684 861 uo
696 796 725 860 in
733 795 842 882 aliqui·

56 875 120 943 bus
138 879 299 944 codicibus
318 880 428 964 leg-tur
441 873 584 964 ,ssusam
597 816 784 963 aedificamini
806 881 842 946 in

55 961 179 1024 domum
187 954 382 1046 spiritualer
394 983 404 1026 z
418 964 505 1046 quod
524 961 607 1048 estio
626 976 780 1048 tamquam
793 981 847 1028 ex·

57 1043 187 1128 plicatio
199 1062 278 1108 terae
290 1043 429 1110 lectionis
442 1047 603 1129 probatur:
613 1045 645 1110 dc
659 1045 760 1111 sensus
773 1048 817 1113 est
830 1065 843 1125 3

58 1126 171 1193 fideles
183 1127 224 1191 ita
243 1125 404 1202 aedificari,
416 1129 448 1193 id
461 1132 522 1200 cll„
536 1128 680 1212 componi
700 1127 791 1195 instar
803 1134 846 1196 la·

58 1207 189 1292 pidum,
200 1209 289 1293 super
307 1207 430 1276 Christo
447 1211 549 1294 lapide
566 1210 848 1290 fundamentalem

61 1291 247 1358 constituant
260 1310 352 1355 unam
370 1291 488 1357 dunum
497 1285 706 1378 spiritualem,
720 1313 788 1377 qua:
801 1295 847 1361 est

60 1369 193 1456 Eccleſsa
206 1375 247 1439 stc
260 1375 358 1450 dida,
370 1393 432 1440 non
444 1375 517 1459 quia
533 1377 656 1442 occulta
670 1375 702 1440 dc
716 1375 848 1442 invisibi·
895 1437 896 1441 ,

60 1455 99 1522 lis
110 1456 172 1533 etl,
186 1458 221 1522 lit
234 1458 371 1522 haeretici
381 1454 508 1522 erronee
521 1458 778 1541 interpretantur3
791 1458 846 1527 sed

61 1553 130 1607 tum
150 1542 188 1606 ad
210 1540 415 1608 differentiam
441 1541 551 1607 domils
570 1540 758 1619 materialis,
778 1556 845 1610 tum

59 1622 440 1710 proptersrgnificationem
449 1624 596 1707 mysterii:
611 1624 744 1690 Ecclesia
760 1625 843 1692 enim

61 1707 175 1775 donrus
187 1704 349 1791 spiritualis
366 1706 418 1770 seu
432 1706 557 1791 mystica
571 1705 614 1771 est
627 1707 793 1791 respective
807 1712 846 1777 ad

60 1791 294 1855 tabernaculum
312 1788 477 1874 Moysis&
491 1791 638 1873 templum
653 1791 844 1874 Salomonis,

62 1891 135 2020 iiuae
154 1875 237 1938 illam
256 1871 497 1957 praefigurarunt.
517 1874 723 1939 AEdilicantur
737 1891 842 1940 autem

85 1958 172 2022 deles
185 1975 246 2021 non
260 1955 355 2020 l'olltm
371 1955 405 2018 itt
423 1957 533 2020 domus
550 1951 724 2035 spiritualis,
744 1953 797 2020 sed
811 1956 846 2020 ut

60 2037 425 2119 Sacerdotimnslntlum:
440 2055 503 2120 quo
515 2037 603 2100 velut
615 2036 779 2102 collective
792 2055 848 2102 no·

62 2123 146 2187 mine
165 2121 471 2207 intelligiturcaetus,
490 2119 656 2203 collegium
677 2118 709 2182 dt
728 2118 859 2189 cherua

63 2203 277 2276 sacerdotum,
294 2205 336 2269 ita
350 2221 384 2267 ut
396 2202 504 2288 striguli
518 2203 574 2266 lint
587 2200 760 2268 sacerdotes
783 2220 848 2271 non

62 2286 188 2373 proprie
201 2286 274 2351 disti
288 2302 387 2352 tamen
401 2282 453 2350 setl
466 2286 585 2359 mutel
599 2305 606 2349 :
621 2284 696 2350 ficut
711 2285 790 2351 enim
805 2289 847 2354 de

63 2372 160 2436 domo
182 2369 309 2452 mystica
327 2370 367 2433 lic
381 2370 414 2434 ὃ(
435 2371 474 2434 de
487 2368 657 2436 sacerdotio
674 2370 846 2466 ‘irnproprio

64 2452 98 2518 dt
119 2452 302 2535 generaliter
315 2468 441 2534 accepto
456 2455 576 2517 Petrum
589 2455 677 2537 loqui
690 2452 848 2520 nranitcsse

64 2536 326 2602 declarantium
345 2535 501 2616 subjuncta
515 2551 523 2597 τ
545 2538 563 2595 C
568 2530 663 2618 fferre
666 2528 816 2618 spiritual
825 2557 848 2598 ’s

65 2617 171 2704 hostias
181 2663 191 2690 ,
203 2636 271 2700 quae
286 2615 353 2682 sum
365 2614 480 2701 proprii
497 2615 579 2680 aelus
594 2613 753 2679 sacerdotii
766 2614 851 2698 spiri·

66 2701 168 2776 malis,
180 2697 295 2764 scilicet
307 2718 401 2784 opera
415 2700 575 2773 uirtutum
588 2696 622 2761 itt
634 2697 851 2792 eleemosyna,

65 2787 243 2857 orationes,
263 2786 399 2865 ieiunia,
420 2800 604 2864 corporum
624 2779 656 2843 ἃ
681 2795 851 2845 contritum

65 2864 128 2931 &c
156 2868 236 2951 Quae
250 2884 361 2932 vocant
384 2863 515 2929 rlrostiae
529 2863 698 2947 spirituales
713 2862 751 2928 ad
764 2863 851 2930 dilic-

64 2949 194 3014 rentiam
210 2951 376 3014 carnalium
387 2945 427 3008 V.
440 2944 532 3031 Legis
545 2962 556 3019 3
568 2948 618 3040 uel
631 2946 798 3042 generatim
812 2948 852 3017 nd

67 3029 230 3096 discrimen
245 3033 346 3096 cultile
359 3031 474 3111 externi
488 3030 540 3113 qui
555 3031 593 3094 ad
611 3047 786 3098 interrorem
804 3049 851 3099 re·

66 3111 262 3182 setritlebet.
283 3117 340 3180 Pr
356 3108 460 3199 thlum
479 3108 645 3200 Christum
665 3132 734 3198 quae
756 3118 853 3184 verba

69 3197 165 3281 aliqui
178 3197 316 3263 referunt
336 3201 373 3263 ad
387 3197 486 3263 ortaria
505 3199 708 3281 precedentia
722 3214 733 3272 3
754 3199 856 3262 alliud

69 3277 167 3346 solam
187 3282 268 3346 hanc
286 3301 402 3368 partem
411 3299 490 3362 ‚aare
502 3281 627 3368 ptalit'e..
644 3283 728 3345 Deo:
750 3278 801 3344 alii
819 3276 860 3342 ad

112 3362 200 3432 som.
217 3364 265 3432 II.
543 3362 573 3422 K
596 3363 620 3427 k
