2040 3810
119 155 187 230 650
239 148 570 216 Coiruuuelrrtru
594 164 637 214 ru
656 153 784 218 Errse.

118 235 180 300 tiits
200 238 293 319 quim
306 234 461 300 vindicem
475 249 486 309 3
500 254 562 300 non
575 253 681 317 poeuas
693 238 827 385 copitar,
847 235 902 306 ied

119 321 341 383 correctionem
353 321 484 383 vestrum
496 363 507 395 ,
520 335 556 384 ut
568 335 652 402 aptet
667 338 724 385 vos
760 321 904 387 ereditati

116 402 345 487 percipiendae:
369 402 455 485 quod
467 402 577 485 probat
589 418 627 464 ex
640 401 744 469 oflicio
755 419 878 488 patrum
891 420 902 478 3

117 504 190 552 nam
201 502 303 570 patres
315 482 369 551 nisi
389 486 531 550 aberrent
543 485 581 550 ab
597 483 718 562 officio,
736 484 817 553 filios
829 483 900 554 suos

117 587 180 635 uon
194 569 371 651 relinquunt
389 567 587 643 incorreiios.
606 570 694 635 Prov.
710 586 760 652 13.

165 655 203 742 ii.
224 655 258 727 8.
275 656 379 755 Quid
392 653 424 740 fi
437 674 547 728 extra
565 652 786 751 disciplinam
805 655 898 752 estis,

117 752 216 845 cujus
229 752 428 847 participes
437 749 531 844 sulii
543 751 630 847 sunt
646 776 759 825 omues
780 772 793 820 .·
813 757 897 852 ergi

115 849 298 934 adulteri,
316 845 362 927 &⁹
380 872 447 919 uon
462 847 536 942 filii
559 847 647 941 estis.

131 1000 136 1006 .
154 940 190 1006 ld
202 939 262 1016 est,
273 941 294 1005 sr
307 939 434 1009 omnino
446 941 642 1008 afflictionum
655 957 797 1025 expertes
810 941 897 1027 eliis,

115 1043 248 1110 quarum
266 1023 368 1090 sinui
397 1044 497 1090 omues
540 1025 681 1120 articipes
709 1020 785 1106 uui
805 1023 900 1111 ficut,

114 1108 252 1192 nonestis
272 1109 408 1194 genuani
416 1105 486 1190 filii
503 1041 589 1184 liei,
611 1110 665 1173 led
676 1109 824 1184 adulteri3
844 1123 897 1176 aut

113 1191 219 1270 verius
232 1192 394 1259 adulterini
405 1191 558 1278 illegitimi
571 1190 605 1256 δι
617 1191 710 1276 spurii
718 1192 751 1258 ἃ
763 1206 904 1277 ρεῑεηιε

116 1277 299 1346 hereditatis
312 1275 464 1354 exsortes,
475 1294 515 1340 ex
525 1276 681 1341 &Thomu

162 1365 203 1452 i·
226 1385 259 1455 9.
281 1366 422 1437 Deiadi
450 1379 578 1458 patres
607 1366 744 1458 quidem
772 1362 893 1435 caruis

115 1461 262 1554 nostru,
285 1463 480 1533 eruditores
496 1461 706 1544 habuimus,
732 1456 777 1538 ἐξ
795 1483 896 1531 reue·

115 1558 287 1627 rebamur
297 1580 360 1624 eos.
378 1555 461 1624 Non
477 1559 586 1624 multi
603 1560 716 1662 magis
728 1559 895 1648 obtempe-

114 1651 273 1723 rabimus
289 1649 399 1718 Patri
408 1645 628 1804 spirituum,
641 1648 686 1726 65
700 1652 858 1723 vivemus
876 1652 895 1724 ἓ

150 1741 396 1827 Argumentum
435 1739 557 1804 minori.
570 1738 602 1802 Si
610 1755 713 1888 patres
731 1745 832 1805 carnis
843 1763 897 1810 no

58 1860 64 1873 ,
84 1902 86 1906 ⁸
112 1825 288 1908 lirae‚quos
305 1822 394 1908 pueri
407 1822 601 1908 castigatores
636 1823 896 1908 abuinrus‚aequo

110 1910 242 1978 tulimus
255 1909 357 1973 animo
371 1907 405 1972 &
417 1904 541 1972 reveriti
552 1905 656 1972 sumus
671 1924 682 1981 3
696 1927 733 1972 an
750 1930 806 1972 um
819 1911 899 1974 mul·

112 1993 143 2060 u
156 1995 253 2080 magis
265 1989 545 2077 obtemperabimus,
564 1987 679 2077 graece,
700 1989 900 2069 subiiciemur

113 2080 186 2147 Deo
204 2073 486 2160 Patri-spirituum,
507 2074 539 2139 id
559 2076 619 2151 est,
639 2075 832 2162 Angelorum
846 2076 903 2140 vel

114 2164 280 2230 animarum
288 2177 296 2220 ι
304 2171 397 2240 atque
405 2159 507 2239 ineius
517 2158 712 2240 beneplacito
725 2155 900 2241 acquiesce·

108 2262 201 2318 -mus,
206 2238 338 2325 persuasi
349 2239 470 2324 flagella
482 2240 596 2322 quibus
609 2259 665 2305 nos
677 2242 770 2307 caedit
783 2242 821 2305 ab
838 2243 900 2306 ani·

112 2344 165 2392 mo
173 2340 305 2473 paterno
317 2323 489 2417 nostraeque
501 2320 605 2386 salutis
618 2324 751 2452 cupido,
761 2321 896 2408 proficis·

112 2410 160 2485 ci,
213 2408 359 2473 advitam
376 2404 465 2469 nobis
481 2405 643 2488 profutura
659 2455 666 2469 .
690 2408 790 2472 Vitam
808 2408 895 2473 intel·

111 2493 178 2579 ligit
189 2509 258 2588 quae
271 2489 315 2555 est
328 2487 498 2555 secuudum
511 2487 668 2574 spiritum
680 2490 712 2556 io
726 2489 787 2566 est,
798 2491 894 2556 vitam

109 2573 355 2643 iinilriicationis
368 2573 401 2639 δι
414 2572 552 2655 justitiae,
564 2572 597 2636 ἃ
612 2573 692 2636 hanc
704 2594 745 2656 op
789 2574 835 2639 trit
851 2574 893 2637 vi·

111 2676 151 2726 tte
164 2659 294 2735 carnali,
306 2676 376 2742 quae
388 2657 440 2721 sita
453 2654 496 2720 est
508 2658 539 2718 iu
552 2654 723 2720 commodis
748 2733 749 2736 Ἴ
766 2660 835 2738 ujus
853 2655 896 2722 se·

111 2747 194 2822 culi,
206 2746 245 2809 ad
258 2760 351 2828 quam
364 2739 461 2805 solent
472 2753 573 2821 patres
584 2739 708 2802 erudire
723 2737 803 2803 filios
816 2740 896 2806 suos.

112 2827 163 2895 Ex
173 2831 237 2894 hoc
255 2829 326 2893 loco
344 2822 494 2889 refellitur
506 2840 615 2887 eorum
633 2823 744 2908 dogma
781 2823 813 2886 ui
834 2823 896 2889 oni·

28 2975 32 2987 ,
111 2930 178 2977 mas
196 2928 237 2974 ex
252 2909 382 2976 traduce
393 2905 554 2992 propagari
569 2906 725 2973 dixerunt.
782 2925 831 2970 am
844 2925 896 2990 pa·

112 3009 176 3060 tres
188 2994 288 3058 caruis
300 2989 557 3136 appellauDeum
570 3003 671 3054 autem
685 2989 762 3054 dicit
774 3001 894 3074 putrem

1 3116 3 3121 ·
111 3078 283 3161 spirituum.
302 3075 329 3139 E
356 3092 417 3156 que
430 3070 534 3137 similis
545 3074 634 3136 locus
649 3072 728 3135 Eccl.
745 3077 802 3137 ult.
813 3072 848 3150 ii.
862 3087 894 3155 7.

111 3157 184 3227 Nec
208 3157 251 3231 est
276 3157 362 3238 quod
382 3157 502 3221 dicatur
519 3155 622 3219 Patres
647 3154 747 3220 caruis
765 3152 897 3241 intelligi

111 3246 234 3330 quinos
250 3238 419 3307 secundum
433 3256 555 3303 carnem
574 3251 769 3322 genuerunt3
789 3239 896 3304 Deum

115 3343 220 3396 eutem
243 3322 404 3412 spirituum
422 3336 556 3410 patrem,
569 3322 642 3407 quia
661 3341 718 3390 uos
736 3333 899 3410 regenerat
