2040 3810
125 150 196 231 776
233 149 558 216 Couususnntn
584 163 627 214 tn
647 150 778 217 Errat.
808 152 836 217 1.

123 233 334 300 meminerunt
360 230 497 319 Jnstr'nus
530 231 708 319 Martyria
742 251 770 298 1.
797 237 914 322 Apol.5

125 314 266 464 litigem
278 333 308 401 5.
324 316 390 401 hist.
404 318 485 382 Eccl.
497 333 525 381 c.
541 333 569 378 1.
587 315 620 379 bt
636 320 664 383 0
680 337 759 382 cum.
791 320 908 386 Rursus

123 414 167 480 qu
190 400 211 466 ti
240 403 417 466 dicerentur
435 401 466 463 in
492 397 643 483 mysteriis
670 402 716 465 uti
734 403 911 482 promiscui

124 494 258 560 venere,
275 501 314 548 ex
331 481 441 568 Juslr'a.
452 483 483 546 in
504 499 533 545 a.
549 484 660 564 Apol..
676 482 728 545 cui
746 485 909 550 calumnie

121 567 278 631 maurium
294 566 487 650 prebuerant
503 563 641 628 Gnostici
653 565 793 630 haetetici
806 571 906 652 turpia

125 663 305 713 exercentes
331 650 362 712 in
387 647 447 713 litis
467 646 700 712 conventiculis,
739 648 803 713 Alii
824 653 908 735 quoti

120 729 253 795 malefici
273 732 307 795 bt
334 731 459 795 tublieae
472 729 699 813 tranquillitatis
716 736 907 813 perturbato·

122 829 196 878 res:
218 812 269 878 alii
285 751 423 879 scierunt
442 815 481 878 ad
501 813 574 877 alias
591 814 759 906 calumnias
778 833 906 901 pagano.

122 912 195 960 runt
213 898 362 962 adversus
379 895 586 971 Christianos,
602 896 643 960 de
660 896 777 976 quibus
795 899 907 966 Tenui.

120 976 155 1043 in
171 982 258 1063 Apol.
270 980 303 1044 ὃ(
315 976 421 1064 Hzffil.
440 978 502 1044 Sed
520 978 591 1041 cilln
611 983 717 1042 Pariis
737 974 851 1046 scribat
869 984 906 1050 ad

121 1056 233 1128 fideles
245 1063 300 1147 qui
312 1063 379 1127 iirnt
396 1080 436 1126 ex
453 1061 702 1135 circumi-itione,
716 1061 907 1134 verisimilius

115 1140 170 1206 'est
189 1145 394 1211 detraitiones
411 1145 538 1230 intelligi
552 1145 663 1228 quibus
680 1143 809 1210 obnoxii
823 1164 908 1217 erant

124 1226 253 1376 gemui,
272 1230 312 1294 de
329 1246 368 1295 eo
384 1227 515 1294 maxime
529 1227 615 1311 quod
632 1224 701 1290 Rei*
726 1226 805 1293 ionis
826 1229 860 1294 iic
878 1231 909 1296 li-

149 1315 253 1378 ertatis
263 1327 414 1397 praetextu
427 1310 617 1394 Principibus
630 1307 664 1372 iit
718 1310 909 1395 :rgirlratibus

130 1395 262 1467 ethnicis
287 1395 388 1460 minits
407 1391 501 1459 client
524 1393 730 1467 obedientes,
752 1391 787 1457 ὃ(
803 1395 911 1481 *minin

127 1477 264 1544 civiliter
281 1479 318 1542 iis
335 1477 413 1544 inter
432 1494 511 1560 quos
528 1476 675 1540 vivebant
703 1472 768 1539 lese
792 1493 917 1544 accom-

126 1562 310 1626 modarent:
330 1575 422 1644 atque
441 1561 505 1624 huc
522 1562 643 1623 Petram
656 1555 824 1643 respicere,
842 1558 913 1630 satir

168 1643 262 1708 obunt
274 1640 441 1726 sequentia.
454 1641 507 1704 Ex
520 1640 604 1706 bonis
615 1641 750 1726 operibus
763 1641 827 1708 &u
840 1643 915 1710 Sett-

143 1719 151 1734 t

145 1725 261 1788 uselli
276 1721 545 1788 Beneuhoneste
561 1723 642 1788 inter
659 1738 767 1807 gentes
786 1743 912 1796 conver·

130 1801 237 1870 sumini
250 1823 258 1868 ε
271 1806 365 1892 utqui
378 1804 456 1871 mae
469 1808 509 1871 de
519 1805 610 1872 vobis
622 1808 811 1974 ltssuuntur,
821 1828 914 1895 opera

127 1889 229 1954 vestra
241 1888 321 1955 bona
332 1884 553 1973 confidentius,
563 1890 648 1974 glori
670 1888 777 1954 cent&
790 1893 915 1962 laudent
934 1927 949 1935 ⁴

127 1974 383 2058 Dertm‚quitales
394 1974 488 2038 habet
499 1973 795 2041 cultorcszhicenim
804 1973 914 2062 scopus

130 2055 192 2122 eise
211 2057 304 2124 debet
315 2059 465 2126 bonarum
477 2056 648 2133 actionum,
660 2058 695 2121 itt
711 2057 807 2122 docet
824 2055 914 2125 Cini-

131 2140 197 2205 stus
217 2141 326 2204 Matri.
338 2154 369 2222 5.
381 2144 415 2218 tl.
430 2141 480 2204 16.
497 2140 536 2204 In
546 2139 595 2204 dir
605 2132 803 2224 visitabitis,
820 2159 913 2226 quam

130 2221 227 2305 aliqui
239 2237 402 2305 exponunt
412 2221 636 2304 inquisitionem
655 2220 815 2288 hominum
827 2240 913 2290 muu-

132 2303 354 2386 danommqui
367 2302 445 2366 male
456 2304 497 2369 de
505 2301 687 2370 Christianis
698 2305 913 2388 loquebantur.

128 2384 195 2449 Alii
219 2380 414 2466 cisiarionrm
438 2384 613 2472 intelligunt
629 2387 766 2453 divinam
784 2392 846 2474 qui
858 2393 910 2456 sci-

128 2466 204 2531 licet
224 2468 311 2531 Deus
334 2466 432 2532 vilitat
455 2468 608 2535 homines.
631 2470 767 2567 Quidam
799 2472 840 2538 de
857 2470 907 2540 die

125 2549 234 2646 judicii
248 2549 311 2615 inte
349 2562 501 2630 retentus,
514 2554 640 2636 quando
652 2553 738 2636 impii
751 2555 910 2640 conspeiii

125 2633 275 2732 iustorum
304 2635 399 2721 gttrii
421 2633 482 2699 Dei
501 2634 644 2718 justitiam
669 2633 836 2721 agnoscent
860 2639 909 2705 vel

116 2717 231 2796 inviti,
251 2720 285 2784 itt
297 2736 323 2782 c.
330 2732 361 2799 5.
379 2716 444 2780 Alii
463 2716 574 2782 rectius
586 2716 664 2782 diem
678 2719 855 2804 intelligunt
867 2719 908 2788 τὲ·

120 2799 270 2881 stitutionis
285 2799 610 2878 inhocseculo‚cbnr
623 2798 739 2867 scilicet
752 2801 841 2868 Deus
891 2819 907 2868 t

108 2880 210 2948 >iiiam
227 2883 354 2970 gratiam
376 2881 596 2949 obtrectatores
612 2885 681 2949 illos
699 2881 821 2959 visitare
865 2884 906 2970 ig·

122 2970 237 3038 iratur,
256 2981 438 3031 convertens
454 2981 562 3029 eorum
580 2970 673 3032 corda
687 2967 704 3032 ir
717 2969 777 3035 det,
788 2967 905 3039 afflone

122 3041 155 3109 tit
169 3046 243 3114 odio
256 3049 295 3117 ad
313 3047 580 3137 benevolentiam
600 3067 640 3119 ex
659 3046 753 3137 estin
